#######################
# Handbooks and manuals
#######################

@book{cascetta2009tr,
    title={Transportation systems analysis: models and applications},
    author={Cascetta, Ennio},
    volume={29},
    year={2009},
    publisher={Springer Science \& Business Media}
}

@book{hastie2009sl,
    title={The elements of statistical learning: data mining, inference, and prediction},
    author={Hastie, Trevor and Tibshirani, Robert and Friedman, Jerome},
    year={2009},
    publisher={Springer Science \& Business Media}
}

@book{agresti2007cd,
    title={An Introduction to Categorical Data Analysis, Second Edition},
    year={2007},
    author={Agresti, Alan}
}

@book{agresti2013cd,
    title={Categorical Data Analysis, Third Edition},
    year={2013},
    author={Agresti, Alan}
}

@book{depalma2011tr,
    title={A handbook of transport economics},
    author={De Palma, Andr{\'e} and Lindsey, Robin and Quinet, Emile and Vickerman, Roger},
    year={2011},
    publisher={Edward Elgar Publishing}
}

@book{jebara2004ml,
    title={Machine learning: discriminative and generative},
    author={Jebara, Tony},
    year={2004},
    publisher={Springer Science \& Business Media}
} 

@book{drechsler2011sd,
    title={Synthetic datasets for statistical disclosure control: theory and implementation},
    author={Drechsler, J{\"o}rg},
    volume={201},
    year={2011},
    publisher={Springer Science \& Business Media},
    url={https://www.springer.com/gp/book/9781461403258#reviews}
}

@book{zielesny2011cf,
    title={From Curve Fitting to Machine Learning},
    author={Zielesny, Achim},
    volume={18},
    year={2011},
    publisher={Springer}
}

@book{denuit2019as1,
    title={Effective statistical learning methods for actuaries I: GLMs and Extentions},
    author={Denuit, Michel and Trufin, Julien},
    year={2019},
    publisher={Springer}
}

@book{denuit2019as3,
    title={Effective Statistical Learning Methods for Actuaries III: Neural networks and extentions},
    author={Denuit, Michel and Hainaut, Donatien},
    publisher={Springer},
    year={2019}
}

@book{japkowicz2011el, 
    place={Cambridge}, 
    title={Evaluating Learning Algorithms: A Classification Perspective}, 
    DOI={10.1017/CBO9780511921803}, 
    publisher={Cambridge University Press}, 
    author={Japkowicz, Nathalie and Shah, Mohak}, 
    year={2011}
}

@book{furnkranz2011p,
    author = {J. F\"urnkranz and E. H\"ullermeier},
    title = {Preference Learning},
    publisher = {Springer Verlag, Berlin},
    year = {2010}
}

@book{train2009dc,
    title={Discrete choice methods with simulation},
    author={Train, Kenneth E},
    year={2009},
    publisher={Cambridge university press}
}

@book{johannes2011,
    author = {J. F\"urnkranz and E. H\"ullermeier},
    title = {Preference Learning},
    publisher = {Springer Verlag, Berlin},
    year = {2010}
}

@misc{baltagi2008ec,
    title={Econometrics, 4th edition},
    author={Baltagi, Badi},
    year={2008},
    publisher={Berlin: Springer}
}
